wmacmil@w.21868:1628773905