
@book{frege79,
  author =    {Gottlob Frege},
  title =     {Begrisschrift},
  publisher = {Halle},
  year =      1879}

@book{Chomsky57,
  author = {Noam Chomsky},
  doi = {doi:10.1515/9783110218329},
  url = {https://doi.org/10.1515/9783110218329},
  title = {syntactic structures},
  year = {2009},
  publisher = {De Gruyter Mouton}
}

@book{ranta1994type,
  title={Type-theoretical Grammar},
  author={Ranta, A. and Ranta, D.P.A.},
  isbn={9780198538578},
  lccn={lc94038911},
  series={Indices (Claredon)},
  url={https://books.google.se/books?id=A5m13eGOcqYC},
  year={1994},
  publisher={Clarendon Press}
}

@misc{avigad2015mathematics,
      title={Mathematics and language}, 
      author={Jeremy Avigad},
      year={2015},
      eprint={1505.07238},
      archivePrefix={arXiv},
      primaryClass={math.HO}
}

@article{warrick1993,
 author = {Warrick Dunning},
 title = {Accurate Methods for the Statistics of Surprise and Coincidence},
 journal = {Computational Linguistics},
 volume = {19},
 number = {1},
 year = 1993,
 pages = {61-74},
}

@article{dunning1993,
 author = {Ted Dunning},
 title = {Accurate Methods for the Statistics of Surprise and Coincidence},
 journal = {Computational Linguistics},
 volume = {19},
 number = {1},
 year = 1993,
 pages = {61-74},
}

@InProceedings{das2011,
  author    = {Das, Dipanjan  and  Petrov, Slav},
  title     = {Unsupervised Part-of-Speech Tagging with Bilingual Graph-Based Projections},
  booktitle = {Proceedings of the 49th Annual Meeting of the Association for Computational Linguistics: Human Language Technologies},
  month     = {June},
  year      = {2011},
  address   = {Portland, Oregon, USA},
  publisher = {Association for Computational Linguistics},
  pages     = {600-609},
}

@InProceedings{cortes2014,
  author    = {Cortes, Corinna  and  Kuznetsov, Vitaly  and  Mohri, Mehryar},
  title     = {Learning Ensembles of Structured Prediction Rules},
  booktitle = {Proceedings of the 52nd Annual Meeting of the Association for Computational Linguistics (Volume 1: Long Papers)},
  month     = {June},
  year      = {2014},
  address   = {Baltimore, Maryland},
  publisher = {Association for Computational Linguistics},
  pages     = {1-12},
  url       = {http://www.aclweb.org/anthology/P14-1001}
}

@book{theunivalentfoundationsprogram-homotopytypetheory-2013,
  title = {Homotopy Type Theory: Univalent Foundations of Mathematics},
  shorttitle = {Homotopy Type Theory},
  author = {{The Univalent foundations program} and {Institute for advanced study (Princeton}, N.J.)},
  year = {2013},
  annotation = {OCLC: 1028552960},
  language = {English}
}



